%%%%%%%%%%%%%%%%%%%%%%%%%%%%%% BUKU %%%%%%%%%%%%%%%%%%%%%%%%%%%%%%%
@BOOK{book.buyya,
  title = {High Performance Cluster Computing: Architectures and systems},
  publisher = {Prentice Hall PTR},
  year = {1999},
  author = {Buyya, R.},
  series = {High Performance Cluster Computing},
  isbn = {9780130137845},
  lccn = {99017906},
  url = {http://books.google.co.id/books?id=wrZQAAAAMAAJ}
}
@BOOK{book.lvlup,
	author = {Scott Rogers},
	title = {\textit{LEVEL UP! The Guide to Great Video Game Design}},
	publisher = {WILEY},
	isbn = {978-0-470-68867-0},
	year = {2010},
	series = {First Edition}
}
@BOOK{book.artgamedesign,
	author = {Jesse Schell},
	title = {\textit{The Art of Game Design}},
	publisher = {CRC Press},
	isbn = {978-0123694966},
	year = {2015},
	series = {Second Edition}
}
@BOOK{book.ruleofplay,
	author = {Salen Tekinbas and Eric Zimmerman},
	title = {\textit{Rules of Play}},
	publisher = {CRC Press},
	isbn = {978-0262240451},
	year = {2004},
	series = {Second Edition}
}

@incollection{book.sterling-jones,
	author = {Jones, James Patton and Lifka, David and Nitzberg, Bill and Tannenbaum, Todd},
	editor={Sterling, T.L.},
	title = {Cluster workload management},
	booktitle = {Beowulf cluster computing with Linux},
	year = {2002},
	isbn = {0-262-69274-0},
	pages = {301--306},
	numpages = {6},
	url = {http://dl.acm.org/citation.cfm?id=509876.509892},
	acmid = {509892},
	publisher = {MIT Press},
	address = {Cambridge, MA, USA}
}

@book{buku.pressman,
  title={Software engineering: a practitioner's approach},
  author={Pressman, R.S.},
  isbn={9780073375977},
  lccn={2008048802},
  series={McGraw-Hill higher education},
  url={http://books.google.co.id/books?id=y4k\_AQAAIAAJ},
  year={2010},
  publisher={McGraw-Hill Higher Education}
}

%%%%%%%%%%%%%%%%%%%%%%%%%%%%%% Artikel %%%%%%%%%%%%%%%%%%%%%%%%%%%%%%%

@article{article.mcguire,
 author = {McGuire, Timothy J.},
 title = {A gentle way of introducing multi-core programming into the curriculum: tutorial presentation},
 journal = {J. Comput. Sci. Coll.},
 issue_date = {October 2010},
 volume = {26},
 number = {1},
 month = oct,
 year = {2010},
 issn = {1937-4771},
 pages = {124--125},
 numpages = {2},
 url = {http://dl.acm.org/citation.cfm?id=1858449.1858471},
 acmid = {1858471},
 publisher = {Consortium for Computing Sciences in Colleges},
 address = {USA}
} 
Herz, J. C. (1997). Joystick Nation ´ How Videogames Gobbled our Money, Won our Hearts and Rewired our Minds. London: Abacus.
@inproceedings{article.herz,
	author = {J Herz},
	title = {\textit{How Videogames Gobbled our Money, Won our Hearts and Rewired our Minds}},
	year = {1997},
	publisher = {London: Abacus},
	Address = {Joystick Nation},
}

@article{article.treese,
 author = {Treese, Win},
 title = {How to build a supercomputer},
 journal = {netWorker},
 issue_date = {December 2004},
 volume = {8},
 number = {4},
 month = dec,
 year = {2004},
 issn = {1091-3556},
 pages = {15--18},
 numpages = {4},
 url = {http://doi.acm.org/10.1145/1037911.1037921},
 doi = {10.1145/1037911.1037921},
 acmid = {1037921},
 publisher = {ACM},
 address = {New York, NY, USA}
} 


%%%%%%%%%%%%%%%%%%%%%%%%%%%%%% PAPER %%%%%%%%%%%%%%%%%%%%%%%%%%%%%%%

@INPROCEEDINGS{paper.shin,
	author = {Chee Shin Yeo and Rajkumar Buyya and Hossein Pourreza and Rasit Eskicioglu and Peter Graham and Frank Sommers},
	title = {Cluster Computing: High-Performance, High-Availability, and High-Throughput Processing on a Network of Computers},
	booktitle = {Handbook of Nature-Inspired and Innovative Computing: Integrating Classical Models with Emerging Technologies, chapter 16},
	year = {2006},
	pages = {521--551}
}

@inproceedings{paper.jackson,
	author = {Jackson, David B. and Snell, Quinn and Clement, Mark J.},
	title = {Core Algorithms of the Maui Scheduler},
	booktitle = {Revised Papers from the  7th International Workshop on Job Scheduling Strategies for Parallel Processing},
	series = {JSSPP '01},
	year = {2001},
	isbn = {3-540-42817-8},
	pages = {87--102},
	numpages = {16},
	url = {http://dl.acm.org/citation.cfm?id=646382.689682},
	acmid = {689682},
	publisher = {Springer-Verlag},
	address = {London, UK, UK}
} 

@inproceedings{paper.bangor,
	author = {Aaron Bangor and Philip Kortum and James Miller},
	title = "{Determining} {What} {Individual} {S}{U}{S} {Scores} Mean: Adding an Adjective Rating {Scale}",
	booktitle = {Journal of Usability Studies},
	numpages = {10},
	series = {vol.4},
	year = {2009},
	page = {114--123}
}

@article{paper.Christopher,
	author = {Christopher Strachey},
	title = "{Fundamental} {Concepts} in {Programming} {Languages}",
	year = {2000},
	page = {11–49},
	publisher = {Kluwer Academic},
	booktitle = {Higher-Order and Symbolic Computation},
	series = {13}
}

Shneiderman, B., Plaisant, C., Cohen, M., Jacobs, S., & Elmqvist, N. (2016). Designing
the User Interface: Strategies for Effective Human-Computer Interaction:
Sixth Edition. Pearson.

@inproceedings{papper.shneiderman,
	author = {B Shneiderman and C Plaisant and M Cohen and Jacobs and Elmqvist},
	year = {2016},
	title = {\textit{Designing
	the User Interface: Strategies for Effective Human-Computer Interaction:
	Sixth Edition}},
	publisher = {Pearson},
}

@inproceedings{papper.lewis,
	author = {Jeff Sauro and James Lewis},
	title = "{Quantifying} the {User} {Experience}: {Practical} {Statistics} for {User} {Research}",
	year = {2012},
	publisher = {Waltham, MA: Morgan Kaufmann}
}

@inproceedings{paper.Kirriemuir,
	author = {John Kirriemuir and Angela Mcfarlane},
	title = "{Literature} {Review} in {Games} and {Learning}",
	publisher = {A NESTA Futurelab Research},
	acmid = {hal-00190453},
	series = {report 8},
	year = {2004}
}

@inproceedings{papper.Creswell,
	author = {Creswell, J. W.},
	year = {2013},
	title = "{Research} {Design}: {Qualitative}, {Quantitative}, and {Mixed}
	{Method} {Approaches}",
	publisher = {SAGA},
}

@inproceedings{papper.jpgee,
	author = {James Paul Gee},
	title = "{What} {Video} {Games} {Have} to {Teach} {Us} {About} {Learning} and {Literacy}",
	year = {2003},
	publisher = {New York: Palgrave/Macmillan},
}

Bloom, B., Engelhart, M., Furst, E., & Krathwohl, D. (1956). Taxonomy of educational
objectives: The classification of educational goals. handbook i: Cognitive
domain. New York, USA. David McKay Company.

@inproceedings{papper.bloom,
	author = {B Bloom and M Engelhart and E Furst and D Kratyhwohl},
	year = {1956},
	title = "{Taxonomy} of {Educational} {Objectives}: {The} {Classification} of {Educational} {Goals}",
	address = {New York, USA},
	publisher = {David McKay Company},
}

@inproceedings{paper.karthwohl,
	author = {L Andreson and D Krathwohl},
	year = {2001},
	title = {\textit{A Taxonomy for Learning, Teaching, and Assessing: A Revision of Bloom’s Taxonomy of Educational Objectives}},
	publisher  = {Allyn and Bacon. Boston, MA},
}

@inproceedings{paper.rosenthal,
	author = {Robert Rosenthal and Lenore Jacobson},
	year = {1965},
	title = "{Pygmalion} in the {Classroom}",
}

https://eric.ed.gov/?id=ED024106

@misc{paper.landsberger,
	author = {Henry Landsberger},
	pages = {119},
	year = {1958},
	title = "{Hawthorne} {Revisited}: {Management} and {The} {Worker}, Its {Critics}, and {Developments} in {Human} {Relations} in {Industry}",
	howpublished = {\url{https://eric.ed.gov/?id=ED024106}},
}

@article{paper.Saretsky,
	author = {Gery Saretsky},
	title = "{The} {O}{E}{O} {P}.{C}. {Experiment} and {The} {John} {Henry} {Effect}",
	series = {53},
	year = {1972},
	pages = {579-581},
}

@misc{paper.mannell,
	author = {Robert Mannell},
	title = "{Introduction} to {Fundamental} {Programming} {Concepts}",
	howpublished = {\url{http://clas.mq.edu.au/speech/synthesis/basic_programming/index.html}},
	note = {[Diakses pada 15 Desember 2017]},
	year = {2009},
}

@inproceedings{paper.anung,
	author = {Anung Budianto},
	title = "{Analisis} dan {Perancangan} {Game} {Edukasi} {"Need} {For} {Safety"} {Sebagai} {Sarana} {Pengenalan} {Rambu}-{Rambu} {Lalu} {Lintas} untuk {Anak} {Usia} 6-12 {Tahun}",
	year = {2014},
}

@inproceedings{paper.thorndike,
	author = {E Thorndike},
	title = "{The} {Constant} {Error} in {Psychological} {Ratings}",
	booktitle = {Journal of Applied Psychology},
	year = {1920},
	series = {4},
	pages = {25-29},
}

@inproceedings{brp.ddp1,
	author = {Lim Yohannes Stephanus and Fariz Dadari},
	title = "{Rancangan} {Pengajaran} {C}{S}{G}{E}601020 {Dasar}-{Dasar} {Pemrograman 1}",
	year = {2017},
}

@inproceedings{paper.futurelab,
	title = "{Games} and {Learning}",
	booktitle = {A Handbook from Futurelab},
	year = {2005},
	Author = { Richard Sandford and Ben Williamson},
}
@inproceedings{paper.christoper,
	author = {Strachey Christopher},
	title = "{Fundamental} {Concepts} in {Programming} {Languages}",
	series = {13},
	pages = {11-49},
	year = {2000},
	publisher = {Kluwer Academic},
}

@inproceedings{paper.lee,
	title = "{Face} {Analysis} of {Video} {Game} {Genres}",
	author = {Jin Lee and Natascha Karlova and Rachel Ivy Clarke and Katherine Thornton and Andrew Perti},
	year = {2014},
	pages = {125–139},
	booktitle = {iConference 2014 Proceedings},
}
Vol. 49, No. 3 COMMUNICATIONS OF THE ACM
@inproceedings{paper.wing,
	author = {Jeannette Wing},
	title = "{Computational} {Thinking}",
	year = {2006},
	booktitle = {Communications of The ACM},
	pages = {3},
	series = {Vol. 49}
}

@book{book.morisson,
	author = {G Morisson and S Ross and J Kemp and H Kalman},
	year = {2010},
	title = "{Designing} {Effective} {Instruction}",
	publisher = {Wiley},
	isbn = {978-0470522820},
}
%%%%%%%%%%%%%%%%%%%%%%%%%%%%%% Lainnya %%%%%%%%%%%%%%%%%%%%%%%%%%%%%%%
@MISC{adin.experiment,
  author = {Gladhi Guarddin},
  title = {{Percobaan Kompresi Menggunakan MPIBZIP2 pada Cluster Hastinapura}},
  howpublished = {Peronal Communication},
  year = {2010}
}


@MISC{ppt.ecmwf,
  author = {George Mozdzynski},
  title = {{Concepts of Parallel Computing}},
  howpublished = {\url{http://www.ecmwf.int/services/computing/training/material/com_hpcf.html}},
  year = {2012},
  note = {[Diakses 20 Maret 2013]}
}

@MISC{net.oxford,
  key = {Oxford Dictionaries},
  howpublished = {\url{http://oxforddictionaries.com/definition/english/parallel}},
  year = {2010},
  note = {[Diakses 1 April 2013]}
}

@techreport{techreport.nist,
    author = {Mell, Peter and Grance, Tim},
    day = {10},
    edition = {26},
    keywords = {nist},
    month = jul,
    organization = {National Institute of Standards and Technology, Information Technology Laboratory},
    Institution = {National Institute of Standards and Technology, Information Technology Laboratory},
    posted-at = {2010-01-29 11:30:53},
    priority = {2},
    title = {The {NIST} Definition of Cloud Computing},
    url = {http://csrc.nist.gov/publications/nistpubs/800-145/SP800-145.pdf},
    year = {2009},
    note = {[Diakses 17 April 2013]}
}

@misc{manual.rocks,
	title = {Base Users Guide 6.1 Edition},
	year = {2013},
	note = {[Diakses 14 Mei 2013]},
	key = {University of California},
	howpublished = {http://central6.rocksclusters.org/roll-documentation/base/6.1/roll-base-usersguide.pdf}
}

%%%%%%%%%%%%%%%%%%%%%%%%%%%%%% Berita%%%%%%%%%%%%%%%%%%%%%%%%%%%%%%%
@MISC{article.rebecca,
  author = {Rebecca Neal},
  title = {Cloud computing brings savings in energy, maintenance costs},
  howpublished = {\url{http://www.federaltimes.com/article/20100323/IT03/3230304/Cloud-computing-brings-savings-energy-maintenance-costs}},
  year = {2010},
  note = {[Diakses 1 April 2013]}
}

@misc{article.simak,
	author = {Universitas Indonesia},
	title="{Daftar} {Program} {Studi} {S1} {Reguler} {T}{A} {2017}",
	howpublished = {\url{http://simak.ui.ac.id/reguler.html}},
	year={2017},
	note={[Diakses 17 Desember 2017]}
}
@misc{article.sauroWhat,
	author = {J Sauro},
	year = {2011},
	title = "{What} is a {Good} {Task}-{Completion} {Rate?},
	note = {[Diakses 18 Desember 2017]},
	howpublished = { \url{https://measuringu.com/task-completion/}}
}
@misc{article.sauroMifsud,
	author = {J Mifsud},
	year = {2015},
	title = "{Usability} {Metric} - a {Guide} to {Quantify} {The} {Usability} of {Any} {System}",
	note = {[Diakses 18 Desember 2017]},
	howpublished = {http://usabilitygeek.com/usability-metrics-a-guide-to-quantify-system-usability/.},
}

@misc{article.usability,
	author = {Usability.gov},
	year = {2017},
	title = {\textit{Usability Testing}},
	howpublished = {\url{https://www.usability.gov/how-to-and-tools/methods/usability-testing.html}},
	note = {[Diakses 18 Desember 2017]},
}